<?xml version="1.0" encoding="UTF-8"?><record xmlns="http://www.loc.gov/MARC21/slim" xmlns:cinclude="http://apache.org/cocoon/include/1.0" xmlns:zs="http://www.loc.gov/zing/srw/">
  <leader>00584cz  a2200169n  4500</leader>
  <controlfield tag="001">n 2008009172</controlfield>
  <controlfield tag="003">DLC</controlfield>
  <controlfield tag="005">20080811163013.0</controlfield>
  <controlfield tag="008">080207n| acannaabn          |b aaa      </controlfield>
  <datafield tag="010" ind1=" " ind2=" ">
    <subfield code="a">n 2008009172</subfield>
  </datafield>
  <datafield tag="035" ind1=" " ind2=" ">
    <subfield code="a">(OCoLC)oca07652880</subfield>
  </datafield>
  <datafield tag="040" ind1=" " ind2=" ">
    <subfield code="a">DLC</subfield>
    <subfield code="b">eng</subfield>
    <subfield code="c">DLC</subfield>
    <subfield code="d">OCoLC</subfield>
  </datafield>
  <datafield tag="100" ind1="1" ind2=" ">
    <subfield code="a">Bao, Xinyuan,</subfield>
    <subfield code="d">1959-</subfield>
  </datafield>
  <datafield tag="400" ind1="1" ind2=" ">
    <subfield code="a">包信源,</subfield>
    <subfield code="d">1959-</subfield>
  </datafield>
  <datafield tag="667" ind1=" " ind2=" ">
    <subfield code="a">Machine-derived non-Latin script reference project.</subfield>
  </datafield>
  <datafield tag="667" ind1=" " ind2=" ">
    <subfield code="a">Non-Latin script reference not evaluated.</subfield>
  </datafield>
  <datafield tag="670" ind1=" " ind2=" ">
    <subfield code="a">Bao Xinyuan, 2006:</subfield>
    <subfield code="b">t.p. (Bao Xinyuan) t.p. verso (b. 1959 in Zhenjiang Shi, Jiangsu Sheng; from Taixing, Jiangsu Sheng)</subfield>
  </datafield>
</record>